% Encoding: UTF-8

@Book{Verruijt2001,
  title     = {SOIL MECHANICS},
  publisher = {Delft University of Technology},
  year      = {2001},
  author    = {Arnold Verruijt},
}

@Comment{jabref-meta: databaseType:bibtex;}
